@book{Zobel04a,
annote = {SIGNATUR = 2008-26734},
author = {Zobel, Justin},
edition = {Second},
keywords = {LEHRBUECHER engl,research methodology,writing},
mendeley-tags = {research methodology,writing},
publisher = {Springer-Verlag},
title = {{Writing for computer science}},
year = {2004}
}

@misc{Shoaff,
author = {Shoaff, William D.},
keywords = {research methodology,writing},
mendeley-tags = {research methodology,writing},
title = {{How to Write a Master's Thesis in Computer Science}},
url = {http://cs.fit.edu/~wds/guides/howto/howto.html},
urldate = {2014/11/22}
}

@inproceedings{Wang:2016:ELD:2983323.2983705,
 author = {Wang, Chengyu and Zhang, Rong and He, Xiaofeng and Zhou, Aoying},
 title = {Error Link Detection and Correction in Wikipedia},
 booktitle = {Proceedings of the 25th ACM International on Conference on Information and Knowledge Management},
 series = {CIKM '16},
 year = {2016},
 isbn = {978-1-4503-4073-1},
 location = {Indianapolis, Indiana, USA},
 pages = {307--316},
 numpages = {10},
 url = {http://doi.acm.org/10.1145/2983323.2983705},
 doi = {10.1145/2983323.2983705},
 acmid = {2983705},
 publisher = {ACM},
 address = {New York, NY, USA},
 keywords = {error link, linkrank, pairwise learning, wikipedia},
} 

@article{dijkstra1959note,
  title={A note on two problems in connexion with graphs},
  author={Dijkstra, Edsger W},
  journal={Numerische mathematik},
  volume={1},
  number={1},
  pages={269--271},
  year={1959},
  publisher={Springer}
}